@online{Training-der-KI,
  author={Clickworker},
  title={Training der Künstlichen Intelligenz},
  url={https://www.clickworker.de/kunden-blog/kuenstliche-intelligenz-systeme-trainieren/},
  urldate={2024-05-31},
  year={2024}
  }
  
  @online{Funktion-der-KI,
  author= {Marc Stöckel},
  title= {Was ist KI?},
  url= {https://www.t-online.de/digital/internet/id_100310396/wie-funktioniert-ki-kuenstliche-intelligenz-einfach-erklaert.html},
  urldate={2024-05-31},
  year= {2024}
  }

@online{Haftungsfragen,
  author={Schürmann Rosenthal},
  title={Verantwortlichkeit/Haftung},
  url={https://www.srd-rechtsanwaelte.de/blog/kuenstliche-intelligenz-haftung/},
  urldate={2024-05-31},
  year={2024}
}
  @online{Haftungsfragen,
  author={Dr. Jan-Peter Ohrtmann und Laura Reuters},
  title={Verantwortlichkeit/Haftung},
  url={https://legal.pwc.de/de/news/fachbeitraege/haftung-fuer-schaeden-durch-kuenstliche-intelligenz-der-richtlinienvorschlag-der-eu-kommission},
  urldate={2024-05-31},
  year={2024}
  }
@online{Haftungsfragen-und-Bedeutung-von-KI,
  author={Europäisches Parlament},
  title={KI im Alltag und Haftungsfragen},
  url={https://www.europarl.europa.eu/topics/de/article/20200827STO85804/was-ist-kunstliche-intelligenz-und-wie-wird-sie-genutzt#:~:text=K%C3%BCnstliche%20Intelligenz%20ist%20die%20F%C3%A4higkeit%20einer%20Maschine%2C%20menschliche,zu%20l%C3%B6sen%2C%20um%20ein%20bestimmtes%20Ziel%20zu%20erreichen.},
  urldate={2024-05-31},
  year={2024}
}